<record><leader>00000cas a22000007a 4500</leader><controlfield tag="001">22478607</controlfield><controlfield tag="008">901008d18931893mnuwr ne      0    0eng d</controlfield><datafield ind1=" " ind2=" " tag="010"><subfield code="a">sn 90060488 </subfield></datafield><datafield ind1=" " ind2=" " tag="040"><subfield code="a">MN#</subfield><subfield code="b">eng</subfield><subfield code="c">MN#</subfield><subfield code="d">OCLCQ</subfield><subfield code="d">OCLCF</subfield><subfield code="d">OCLCO</subfield></datafield><datafield ind1="1" ind2=" " tag="029"><subfield code="a">AU@</subfield><subfield code="b">000025908381</subfield></datafield><datafield ind1=" " ind2=" " tag="042"><subfield code="a">msc</subfield></datafield><datafield ind1=" " ind2=" " tag="043"><subfield code="a">n-us-mn</subfield></datafield><datafield ind1=" " ind2=" " tag="052"><subfield code="a">4144</subfield><subfield code="b">M82</subfield></datafield><datafield ind1=" " ind2=" " tag="052"><subfield code="a">4143</subfield><subfield code="b">R6</subfield></datafield><datafield ind1="0" ind2="4" tag="245"><subfield code="a">The Morrisown press and new era.</subfield></datafield><datafield ind1="3" ind2="0" tag="246"><subfield code="a">New era</subfield></datafield><datafield ind1=" " ind2=" " tag="260"><subfield code="a">Morristown, Rice County, Minn. :</subfield><subfield code="b">Hollister Bros.,</subfield><subfield code="c">1893.</subfield></datafield><datafield ind1=" " ind2=" " tag="300"><subfield code="a">v.</subfield></datafield><datafield ind1=" " ind2=" " tag="310"><subfield code="a">Weekly</subfield></datafield><datafield ind1="1" ind2=" " tag="362"><subfield code="a">Began Aug. 10, 1893.</subfield></datafield><datafield ind1="0" ind2=" " tag="362"><subfield code="a">-v. 1, no. 13 (Nov. 2, 1893).</subfield></datafield><datafield ind1=" " ind2=" " tag="515"><subfield code="a">Issues for &lt;Aug. 17, 1893&gt;-Nov. 2, 1893, called also &lt;v. 2, no. 9&gt;-v. 2, no. 20.</subfield></datafield><datafield ind1=" " ind2=" " tag="530"><subfield code="a">Available on microfilm from the Minnesota Historical Society.</subfield></datafield><datafield ind1=" " ind2=" " tag="588"><subfield code="a">Description based on: Vol. 1, no. 2 (Aug. 17, 1893).</subfield></datafield><datafield ind1=" " ind2="0" tag="651"><subfield code="a">Morristown (Minn.)</subfield><subfield code="v">Newspapers.</subfield></datafield><datafield ind1=" " ind2="7" tag="655"><subfield code="a">Newspapers.</subfield><subfield code="2">fast</subfield><subfield code="0">(OCoLC)fst01423814</subfield></datafield><datafield ind1=" " ind2="7" tag="651"><subfield code="a">Minnesota</subfield><subfield code="z">Morristown.</subfield><subfield code="2">fast</subfield><subfield code="0">(OCoLC)fst01260521</subfield></datafield><datafield ind1=" " ind2=" " tag="752"><subfield code="a">United States</subfield><subfield code="b">Minnesota</subfield><subfield code="c">Rice</subfield><subfield code="d">Morristown.</subfield></datafield><datafield ind1="0" ind2="0" tag="780"><subfield code="t">New era (Morristown, Minn.)</subfield><subfield code="w">(DLC)sn 90060489</subfield></datafield><datafield ind1="0" ind2="0" tag="785"><subfield code="t">Morristown press</subfield><subfield code="w">(DLC)sn 90060490</subfield></datafield></record>